<?xml version="1.0" encoding="UTF-8"?><collection xmlns="http://www.loc.gov/MARC21/slim"><record><leader>00363nam--2200133-i-4500</leader><controlfield tag="001">000025933</controlfield><controlfield tag="002">20161230</controlfield><controlfield tag="005">20161230201036</controlfield><controlfield tag="008">060222s1000------------r-----000-0-eng-d</controlfield><datafield ind1=" " ind2=" " tag="100"><subfield code="a">Jolly, W.L</subfield></datafield><datafield ind1=" " ind2=" " tag="245"><subfield code="a">Synthetic inorganic chemistry</subfield></datafield><datafield ind1=" " ind2=" " tag="260"><subfield code="a">London, Prentice-hall International Inc., 1960. Ix+196p</subfield></datafield><datafield ind1=" " ind2=" " tag="490"><subfield code="a">Prentice-hall Chemistry Series</subfield></datafield><datafield ind1=" " ind2=" " tag="852"><subfield code="a">16339</subfield></datafield></record></collection>